@article{bergman1979quantitative,
  title={Quantitative estimation of insulin sensitivity.},
  author={Bergman, Richard N and Ider, Y Ziya and Bowden, Charles R and Cobelli, Claudio},
  journal={American Journal of Physiology-Endocrinology And Metabolism},
  volume={236},
  number={6},
  pages={E667},
  year={1979}
}

@article{de2000mathematical,
  title={Mathematical modelling of the intravenous glucose tolerance test},
  author={De Gaetano, Andrea and Arino, Ovide},
  journal={Journal of mathematical biology},
  volume={40},
  pages={136--168},
  year={2000},
  publisher={Springer}
}

@article{huard2022mathematical,
  title={Mathematical modelling of glucose dynamics},
  author={Huard, Benoit and Kirkham, Gemma},
  journal={Current Opinion in Endocrine and Metabolic Research},
  volume={25},
  pages={100379},
  year={2022},
  publisher={Elsevier}
}

@article{mari2001model,
  title={A model-based method for assessing insulin sensitivity from the oral glucose tolerance test},
  author={Mari, Andrea and Pacini, Giovanni and Murphy, Elaine and Ludvik, Bernhard and Nolan, John J},
  journal={Diabetes care},
  volume={24},
  number={3},
  pages={539--548},
  year={2001},
  publisher={Am Diabetes Assoc}
}

@article{topp2000model,
  title={A model of $\beta$-cell mass, insulin, and glucose kinetics: pathways to diabetes},
  author={Topp, Brian and Promislow, Keith and Devries, Gerda and Miura, Robert M and T FINEGOOD, DIANE},
  journal={Journal of theoretical biology},
  volume={206},
  number={4},
  pages={605--619},
  year={2000},
  publisher={Elsevier}
}

@article{cobelli2009diabetes,
  title={Diabetes: models, signals, and control},
  author={Cobelli, Claudio and Dalla Man, Chiara and Sparacino, Giovanni and Magni, Lalo and De Nicolao, Giuseppe and Kovatchev, Boris P},
  journal={IEEE reviews in biomedical engineering},
  volume={2},
  pages={54--96},
  year={2009},
  publisher={IEEE}
}

@book{ellner2006dynamic,
  title={Dynamic models in biology},
  author={Ellner, Stephen P and Guckenheimer, John},
  year={2006},
  publisher={Princeton University Press}
}

@book{hargrove1998dynamic,
  title={Dynamic modeling in the health sciences},
  author={Hargrove, James L},
  year={1998},
  publisher={Springer Science \& Business Media}
}

@article{kim2020wearable,
  title={Wearable technology and systems modeling for personalized chronotherapy},
  author={Kim, Dae Wook and Zavala, Eder and Kim, Jae Kyoung},
  journal={Current Opinion in Systems Biology},
  volume={21},
  pages={9--15},
  year={2020},
  publisher={Elsevier}
}

@article{zavala2019mathematical,
  title={Mathematical modelling of endocrine systems},
  author={Zavala, Eder and Wedgwood, Kyle CA and Voliotis, Margaritis and Tabak, Jo{\"e}l and Spiga, Francesca and Lightman, Stafford L and Tsaneva-Atanasova, Krasimira},
  journal={Trends in Endocrinology \& Metabolism},
  volume={30},
  number={4},
  pages={244--257},
  year={2019},
  publisher={Elsevier}
}

@article{ha2020type,
  title={Type 2 diabetes: one disease, many pathways},
  author={Ha, Joon and Sherman, Arthur},
  journal={American Journal of Physiology-Endocrinology and Metabolism},
  volume={319},
  number={2},
  pages={E410--E426},
  year={2020},
  publisher={American Physiological Society Bethesda, MD}
}

@article{zheng2018global,
  title={Global aetiology and epidemiology of type 2 diabetes mellitus and its complications},
  author={Zheng, Yan and Ley, Sylvia H and Hu, Frank B},
  journal={Nature reviews endocrinology},
  volume={14},
  number={2},
  pages={88--98},
  year={2018},
  publisher={Nature Publishing Group}
}

@article{zimmet2016diabetes,
  title={Diabetes mellitus statistics on prevalence and mortality: facts and fallacies},
  author={Zimmet, Paul and Alberti, K George and Magliano, Dianna J and Bennett, Peter H},
  journal={Nature Reviews Endocrinology},
  volume={12},
  number={10},
  pages={616--622},
  year={2016},
  publisher={Nature Publishing Group UK London}
}

@article{bakhti2019modelling,
  title={Modelling the endocrine pancreas in health and disease},
  author={Bakhti, Mostafa and B{\"o}ttcher, Anika and Lickert, Heiko},
  journal={Nature Reviews Endocrinology},
  volume={15},
  number={3},
  pages={155--171},
  year={2019},
  publisher={Nature Publishing Group UK London}
}

@book{strogatz2018nonlinear,
  title={Nonlinear dynamics and chaos: with applications to physics, biology, chemistry, and engineering},
  author={Strogatz, Steven H},
  year={2018},
  publisher={CRC press}
}

@article{bergman1985assessment,
  title={Assessment of insulin sensitivity in vivo},
  author={Bergman, Richard N and Finegood, Diane T and Ader, Marilyn},
  journal={Endocrine reviews},
  volume={6},
  number={1},
  pages={45--86},
  year={1985},
  publisher={Oxford University Press}
}

@article{best1981glucose,
  title={Glucose disposal is not proportional to plasma glucose level in man},
  author={Best, James D and Taborsky Jr, Gerald J and Halter, Jeffrey B and Porte Jr, Daniel},
  journal={Diabetes},
  volume={30},
  number={10},
  pages={847--850},
  year={1981},
  publisher={Am Diabetes Assoc}
}

@article{finegood1995dynamics,
  title={Dynamics of $\beta$-cell mass in the growing rat pancreas: estimation with a simple mathematical model},
  author={Finegood, Diane T and Scaglia, Luisa and Bonner-Weir, Susan},
  journal={Diabetes},
  volume={44},
  number={3},
  pages={249--256},
  year={1995},
  publisher={Am Diabetes Assoc}
}

@article{bridgewater2020amplitude,
  title={Amplitude and frequency variation in nonlinear glucose dynamics with multiple delays via periodic perturbation},
  author={Bridgewater, Adam and Huard, Benoit and Angelova, Maia},
  journal={Journal of Nonlinear Science},
  volume={30},
  number={3},
  pages={737--766},
  year={2020},
  publisher={Springer}
}

@article{vigersky2017role,
  title={Role of continuous glucose monitoring for type 2 in diabetes management and research},
  author={Vigersky, Robert and Shrivastav, Maneesh},
  journal={Journal of Diabetes and its Complications},
  volume={31},
  number={1},
  pages={280--287},
  year={2017},
  publisher={Elsevier}
}

@article{pompa2021comparison,
  title={A comparison among three maximal mathematical models of the glucose-insulin system},
  author={Pompa, Marcello and Panunzi, Simona and Borri, Alessandro and De Gaetano, Andrea},
  journal={PloS one},
  volume={16},
  number={9},
  pages={e0257789},
  year={2021},
  publisher={Public Library of Science San Francisco, CA USA}
}

@article{andronov1974qualitative,
  title={Qualitative theory of second-order dynamic systems},
  author={Andronov, Aleksandr Aleksandrovich and Leontovich, Evgeniya A and Gordon, II and Maier, AG and Gutzwiller, Martin C},
  journal={Physics Today},
  volume={27},
  number={8},
  pages={53--54},
  year={1974},
  publisher={American Institute of Physics}
}

@misc{coddington1956theory,
  title={Theory of ordinary differential equations},
  author={Coddington, Earl A and Levinson, Norman and Teichmann, T},
  pages={389--403},
  year={1956},
  publisher={American Institute of Physics}
}

@book{murray2013existence,
  title={Existence theorems for ordinary differential equations},
  author={Murray, Francis J and Miller, Kenneth S},
  pages={50},
  year={2013},
  publisher={Courier Corporation}
}

 @misc{ enwiki:1216903952,
    author = "{Wikipedia contributors}",
    title = "Bifurcation theory --- {Wikipedia}{,} The Free Encyclopedia",
    year = "2024",
    url = "https://en.wikipedia.org/w/index.php?title=Bifurcation_theory&oldid=1216903952",
    note = "[Online; accessed 15-May-2024]"
  }

  @misc{ enwiki:1216667016,
    author = "{Wikipedia contributors}",
    title = "Dynamical system --- {Wikipedia}{,} The Free Encyclopedia",
    year = "2024",
    howpublished = "\url{https://en.wikipedia.org/w/index.php?title=Dynamical_system&oldid=1216667016}",
    note = "[Online; accessed 15-May-2024]"
  }

  @misc{ enwiki:1223508209,
    author = "{Wikipedia contributors}",
    title = "Arnold's cat map --- {Wikipedia}{,} The Free Encyclopedia",
    year = "2024",
    howpublished = "\url{https://en.wikipedia.org/w/index.php?title=Arnold%27s_cat_map&oldid=1223508209}",
    note = "[Online; accessed 16-May-2024]"
  }